@article{ortega-2021-momentum,
author={Ortega, Antonella and Evangelista, Dennis},
year={2021},
title={Is momentum conserved?},
journal={{Proceedings of the MBS Science Department A: Physical Sciences}},
volume={21},
pages=3}

@book{coriolis-1829-calcul,
author={de Coriolis, Gaspard-Gustave},
year={1829},
title={{Du Calcul de l'Effet des Machines}},
address={Paris},
publisher={Carilian-Goeury},
url={https://gallica.bnf.fr/ark:/12148/bpt6k1068268.texteImage},
}

@book{duchatelet-1741-reponse,
author={{du Ch{\^a}telet, {\'E}milie}},
year={1741},
title={{R{\'e}ponse de Madame la Marquise du Chastelet, a la lettre que M. de Mairan}},
address={Brussels},
publisher={Foppens}}

@book{newton-1687-principia,
author={Newton, Isaac},
year={1687},
title={{Philosophi{\ae} Naturalis Principia Mathematica}},
address={London},
publisher={S. Pepys},
url = {https://en.wikisource.org/wiki/The_Mathematical_Principles_of_Natural_Philosophy_(1846)},
}

@Manual{r-2021,
    title = {R: A Language and Environment for Statistical Computing},
    author = {{R Core Team}},
    organization = {R Foundation for Statistical Computing},
    address = {Vienna, Austria},
    year = {2021},
    url = {https://www.R-project.org/},
  }

@Article{wickham-2019-welcome,
     title = {Welcome to the {tidyverse}},
     author = {Hadley Wickham and Mara Averick and Jennifer Bryan and Winston Chang and Lucy D'Agostino McGowan and Romain François and Garrett Grolemund and Alex Hayes and Lionel Henry and Jim Hester and Max Kuhn and Thomas Lin Pedersen and Evan Miller and Stephan Milton Bache and Kirill Müller and Jeroen Ooms and David Robinson and Dana Paige Seidel and Vitalie Spinu and Kohske Takahashi and Davis Vaughan and Claus Wilke and Kara Woo and Hiroaki Yutani},
     year = {2019},
     journal = {Journal of Open Source Software},
     volume = {4},
     number = {43},
     pages = {1686},
     doi = {10.21105/joss.01686},
   }